@inproceedings{ImageNet,
  author    = {Deng, Jia and Dong, Wei and Socher, Richard and Li, Li-Jia and Kai Li and Li Fei-Fei},
  booktitle = {2009 IEEE Conference on Computer Vision and Pattern Recognition},
  title     = {ImageNet: A large-scale hierarchical image database},
  year      = {2009},
  volume    = {},
  number    = {},
  pages     = {248-255},
  keywords  = {Large-scale systems;Image databases;Explosions;Internet;Robustness;Information retrieval;Image retrieval;Multimedia databases;Ontologies;Spine},
  doi       = {10.1109/CVPR.2009.5206848}
}

@misc{kans,
  title         = {KAN: Kolmogorov-Arnold Networks},
  author        = {Ziming Liu and Yixuan Wang and Sachin Vaidya and Fabian Ruehle and James Halverson and Marin Soljačić and Thomas Y. Hou and Max Tegmark},
  year          = {2025},
  eprint        = {2404.19756},
  archiveprefix = {arXiv},
  primaryclass  = {cs.LG},
  url           = {https://arxiv.org/abs/2404.19756}
}

@article{mnist,
  author   = {Deng, Li},
  journal  = {IEEE Signal Processing Magazine},
  title    = {The MNIST Database of Handwritten Digit Images for Machine Learning Research [Best of the Web]},
  year     = {2012},
  volume   = {29},
  number   = {6},
  pages    = {141-142},
  keywords = {Machine learning},
  doi      = {10.1109/MSP.2012.2211477}
}

@misc{fashionmnist,
      title={Fashion-MNIST: a Novel Image Dataset for Benchmarking Machine Learning Algorithms}, 
      author={Han Xiao and Kashif Rasul and Roland Vollgraf},
      year={2017},
      eprint={1708.07747},
      archivePrefix={arXiv},
      primaryClass={cs.LG},
      url={https://arxiv.org/abs/1708.07747}, 
}

@inproceedings{cifar,
  title={Learning Multiple Layers of Features from Tiny Images},
  author={Alex Krizhevsky},
  year={2009},
  url={https://api.semanticscholar.org/CorpusID:18268744}
}

@inproceedings{kat,
  title={Kolmogorov-Arnold Transformer},
  author={Xingyi Yang, Xinchao Wang},
  booktitle={The Thirteenth International Conference on Learning Representations},
  year={2025},
  url={https://openreview.net/forum?id=BCeock53nt}
}

